@Book{salus,
  author =	 {P[eter] H[] Salus},
  title = 	 {A Quarter-Century of {Unix}},
  publisher = 	 {Addison-Wesley},
  year = 	 1994
}

@Article{su,
  author = 	 {J[ohn] W[] Stockwell},
  title = 	 {The {CWP/SU}: {Seismic} {Un*x} Package},
  journal = 	 {Computers and Geosciences},
  year = 	 1999,
  volume =	 25,
  number =	 4,
  pages =	 {415-419},
  month =	 {May}
}

Nichols.sep.82.257,Biondi.sep.92.343,Clapp.sep.102.bob1

@InCollection{Claerbout.sep.70.413,
  author = 	 {J[on] F[] Claerbout},
  title = 	 {Introduction to {Seplib} and {SEP} utility Software},
  booktitle = 	 {SEP--\textbf{70}},
  pages =	 {413--436},
  publisher =	 {Stanford Exploration Project},
  year =	 1991
}

@InCollection{Dellinger.sep.73.461,
  author = 	 {J[oe] Dellinger and S[andor] T\'alas},
  title = 	 {A Tour of {SEPlib} for New Users},
  booktitle = 	 {SEP--\textbf{73}},
  pages =	 {461--502},
  publisher =	 {Stanford Exploration Project},
  year =	 1992
}

@InCollection{Nichols.sep.82.257,
  author = 	 {D[ave] Nichols  and  M[artin] Karrenbach  and  H[ector] Urdaneta},
  title = 	 {What's New in {SEPLIB}?},
  booktitle = 	 {SEP--\textbf{82}},
  pages =	 {257--264},
  publisher =	 {Stanford Exploration Project},
  year =	 1994
}

@InCollection{Biondi.sep.92.343,
  author = 	 {B[iondo] Biondi  and  R[obert] Clapp  and  S[ean] Crawley},
  title = 	 {{SEPlib90}: {SEPlib} for 3-{D} prestack data},
  booktitle = 	 {SEP--\textbf{92}},
  pages =	 {343--364},
  publisher =	 {Stanford Exploration Project},
  year =	 1996
}

@InCollection{Clapp.sep.102.bob1,
  author = 	 {R[obert] G[] Clapp },
  title = 	 {Additions to {SEPlib}},
  booktitle = 	 {SEP--\textbf{102}},
  pages =	 {201--218},
  publisher =	 {Stanford Exploration Project},
  year =	 1999
}





