
@article{GEO38.05.08260844,
  author = {Jon F. Claerbout and Francis Muir},
  title = {Robust Modeling with Erratic Data},
  year = {1973},
  journal = {Geophysics},
  volume = {38},
  number = {5},
  pages = {826-844}
}


@ARTICLE{Huber:73,
     author="Huber, P. J.",
     title="Robust regression: Asymptotics, conjectures, and {Monte Carlo}",
     journal="Ann. Statist.",
     volume="1",
     pages="799-821",
     year="1973"}


@BOOK{ClaerPVI:92,
     author="Claerbout, J. F.",
     title="Earth {S}oundings {A}nalysis, {P}rocessing versus {I}nversion",
     publisher="Blackwell Scientific Publication",
     year="1992"}

@article{GEO50.12.27272741,
  author = {J. R. Thorson and J. F. Claerbout},
  title = {Velocity Stack and Slant Stochastic Inversion},
  year = {1985},
  journal = {Geophysics},
  volume = {50},
  number = {12},
  pages = {2727-2741}
}


@article{GEO51-02-03570368,
  author = {A[] Gersztenkorn and J[] B[] Bednar and L[] R[] Lines},
  year = {1986},
  title = {Robust iterative inversion for the one-dimensional acoustic wave equation},
  journal = {Geophysics},
  volume = {51},
  number = {02},
  pages = {357-368}
}

@incollection{GIT00-00-00250050,
  author = {J[] A[] Scales and A[] Gersztenkorn},
  editor = {J[] A[] Scales},
  year = {1987},
  title = {Robust methods in inverse theory},
  publisher = {Soc. of Expl. Geophys.},
  booktitle = {Geophysical imaging, symposium of geophysical society of Tulsa},
  pages = {25-50}
}


@incollection{SEG-1988-S7.1,
  author = {J[] A[] Scales and A[] Gersztenkorn and S[] Treitel and L[] R[] Lines},
  year = {1988},
  title = {Robust optimization methods in geophysical inverse theory},
  publisher = {Soc. of Expl. Geophys.},
  booktitle = {58th Ann. Internat. Mtg},
  pages = {Session:S7.1}
}


@article{GEO44-01-00390052,
  author = {H[] L[] Taylor and S[] C[] Banks and J[] F[] McCoy},
  year = {1979},
  title = {Deconvolution with the {L-one} norm},
  journal = {Geophysics},
  volume = {44},
  number = {01},
  pages = {39-52},
  keywords = {noise, wavelet}
}


@incollection{SEG-1995-1460,
  author = {D[] E[] Lumley and D[] Nichols and T[] Rekdal},
  year = {1995},
  title = {Amplitude-preserved multiple suppression},
  publisher = {Soc. of Expl. Geophys.},
  booktitle = {65th Ann. Internat. Mtg},
  pages = {1460-1463},
  keywords = {amplitudes, AVO, inversion, least-squares, multiples}
}


@incollection{SEG-1995-1464,
  author = {C[] Kostov and D[] Nichols},
  year = {1995},
  title = {Moveout-discriminating adaptive subtraction of multiples},
  publisher = {Soc. of Expl. Geophys.},
  booktitle = {65th Ann. Internat. Mtg},
  pages = {1464-1467},
  keywords = {filtering, multiples}
}

@article{TLE18-01-00660073,
  author = {M[] M[] N[] Kabir and K[] J[] Marfurt},
  year = {1999},
  title = {Toward true amplitude multiple removal},
  journal = {The Leading Edge},
  volume = {18},
  number = {1},
  pages = {66-73}
}


@incollection{SEG-2000-19531956,
  author = {P[] Herrmann and T[] Mojesky and M[] Magesan and P[] Hugonnet},
  year = {2000},
  title = {De-aliased, high-resolution {Radon} transforms},
  publisher = {Soc. of Expl. Geophys.},
  booktitle = {70th Ann. Internat. Mtg},
  pages = {1953-1956}
}


@sepreport{Ji.sep.82.195,
  title = {Near-Offset Interpolation in Wavefront Synthesis Imaging},
  author = {J[un] Ji},
  pages = {195--208},
  type = {SEP-Report},
  organization = {SEP},
  year = {1994},
  journal = {SEP-Report},
  volume = {82},
  keywords = {noise(221), amplitudes(88), graphics(68)},
  url = {http://sepwww.stanford.edu/public/docs/sep82/jun1/paper_html/index.html,http://sepwww.stanford.edu/public/docs/sep82/jun1.ps.gz,http://sepwww.stanford.edu/public/docs/sep82/jun1.tar.gz}
}

@article{GEO34-06-08590881,
  author = {M[] T[] Taner and F[] Koehler},
  year = {1969},
  title = {Velocity spectra - {Digital} computer derivation and applications of velocity functions},
  journal = {Geophysics},
  volume = {34},
  number = {06},
  pages = {859-881},
  keywords = {lithology, semblance}
}


@article{GEO68-04-13101319,
  author = {A[] Guitton and W[] Symes},
  year = {2003},
  title = {Robust inversion of seismic data using the {Huber} norm},
  journal = {Geophysics},
  volume = {68},
  number = {4},
  pages = {1310-1319}
}

@sepreport{Nichols.sep.82.1,
  title = {Velocity-Stack Inversion Using { ${\bf L_p}$} Norms},
  author = {D[ave] Nichols},
  pages = {1--16},
  type = {SEP-Report},
  organization = {SEP},
  year = {1994},
  journal = {SEP-Report},
  volume = {82},
  keywords = {graphics(33), algorithm(20)},
  url = {http://sepwww.stanford.edu/public/docs/sep82/dave2/paper_html/index.html,http://sepwww.stanford.edu/public/docs/sep82/dave2.ps.gz,http://sepwww.stanford.edu/public/docs/sep82/dave2.tar.gz}
}

@article{Claerbout.iee.www,
  author = {J[on] F[] Claerbout},
  organization = {{S}tanford {E}xploration {P}roject},
  title = {{I}mage {E}stimation by {E}xample},
  year = {2004},
  journal = {{\tt http://sepwww.stanford.edu/ sep/prof/index.html}}
}


@sepreport{Darche.sep.61.281,
  type = {SEP-Report},
  organization = {SEP},
  author = {G[illes] Darche},
  title = {Iterative $L_{1}$ Deconvolution},
  year = {1989},
  journal = {SEP-Report},
  volume = {61},
  pages = {281--302},
  comment = {},
  url = {http://sepwww.stanford.edu/public/docs/sep61/gilles/paper_html/index.html,http://sepwww.stanford.edu/public/docs/sep61/gilles.ps.gz,http://sepwww.stanford.edu/public/docs/sep61/gilles.tar.gz}
}


