@Book{cerveny,
  author =      {V[lastislav] \v{C}erven\v{y}},
  title =       {Seismic ray theory} ,
  publisher =   {Cambridge University Press},
  year =         {2001}
}

@Book{sethian,
  author =	 {J[ames] A[] Sethian},
  title = 	 {Level Set Methods and Fast Marching Methods: {Evolving} Interfaces in Computational Geometry, Fluid Mechanics, Computer Vision, and Materials Science},
  publisher = 	 {Cambridge University Press},
  year = 	 1999
}

