@inproceedings{taner1,
   author = {M[] T[] Taner and S[] Treitel and M[] Al-Chalabi},
   booktitle = {75th Ann. Internat. Mtg},
   pages = {2273-2276},
   publisher = {Soc. of Expl. Geophys.},
   title = {A new travel time estimation method for horizontal
strata},
   year = {2005}}

@inproceedings{taner2,
   author = {M[] T[] Taner and S[] Treitel and M[] Al-Chalabi and S[] Fomel},
   booktitle = {EAGE 69th Conference and Exhibition},
   pages = {P036},
   publisher = {EAGE},
   title = {An offset
dependent {NMO} velocity model},
   year = {2007}}

@Article{blias2,
  author = 	 {E[] Blias},
  title = 	 {Long-spreadlength approximations to {NMO} function for a multi-layered subsurface},
  journal = 	 {Recorder},
  year = 	 2007,
  volume = 	 3,
  pages = 	 {36-42}}

@Book{bei,
  author =	 {J[on] F[] Claerbout},
  title = 	 {Basic {Earth} Imaging},
  publisher = 	 {Stanford Exploration Project, 
\url{http://sepwww.stanford.edu/sep/prof/}},
  year = 	 2006
}
