@SEPREPORT{Cole.sep.57.417,
         type={SEP-Report},
         organization={SEP},
         author={S[teve] Cole},
         classification={acquisition},
         title={ Examination of a Passive Seismic Dataset Using Beam Steering },
         year={1988},
         journal={SEP-Report},
         volume={57},
         pages={417-426},
         comment=""
        }

@SEPREPORT{fgdp,
         type={SEP-Report},
         organization={SEP},
         author={J. Claerbout},
         classification={Errata},
         title={{Fundamentals of Geophysical Data Processing}},
         year={1979},
         journal={SEP-Report},
         volume={20},
         pages={257},
         comment="Available online at http://sepwww.stanford.edu/sep/prof"
        }

@SEPREPORT{iei,
         type={SEP-Report},
         organization={SEP},
         author={J. Claerbout},
         classification={Errata},
         title={{Imaging the Earth's Interior}},
         year={1984},
         journal={SEP-Report},
         volume={40},
         pages={398},
         }
		  
@PHDTHESIS{scthesis,
         school={Stanford University},
         author={S[teve] Cole},
         title={Passive seismic and drill-bit experiments using 2-{D} arrays},
         year={1995},
         volume={86},
         classification={ },
         comment=""
        }




