@Article{kornig,
  author = 	 {M[artin] K\"{o}rnig},
  title = 	 {Cell ray tracing for smooth, isotropic media: a new concept based on a generalized analytical solution},
  journal = 	 {Geophys. J. Int.},
  year = 	 1995,
  volume =	 123,
  pages =	 {391-408}
}

@Incollection{cerveny,
  author =	 {V[] \v{C}erven\'{y}},
  editor =	 {G[] Nolet},
  booktitle = 	 {Seismic Tomography},
  title = 	 {Ray tracing algorithms in three-dimensional laterally varying layered structures},
  publisher = 	 {Reidel},
  year = 	 1987,
  address =	 {Dordrecht},
  pages =	 {99-133}
}

@Book{serna,
  author =	 {J[] M[] Sanz-Serna and M[] P[] Calvo},
  title = 	 {Numerical {Hamiltonian} Problems},
  publisher = 	 {CRC Press},
  year = 	 1994
}

@Book{symplectic,
  author =	 {E[rnst] Hairer and C[hristian] Lubich and G[] G[gerhardd] Wanner },
  title = 	 {Geometric Numerical Integration: Structure Preserving Algorithms for Ordinary Differential Equations},
  publisher = 	 {Springer Verlag},
  year = 	 2002
}

@Article{atela,
  author = 	 {R[] I[] McLachlan and P[] Atela},
  title = 	 {The accuracy of symplectic integrators},
  journal = 	 {Nonlinearity},
  year = 	 1992,
  volume =	 5,
  pages =	 {541-562}
}

@Article{verlet,
  author = 	 {L[] Verlet},
  title = 	 {Computer ``experiments'' on classical fluids. {I}. {Thermodynamical} properties of {Lennard}-{Jones} molecules},
  journal = 	 {Physical Review},
  year = 	 1967,
  volume =	 159,
  pages =	 {98-103}
}

