@Article{keys,
  author =       {R[obert] G[] Keys},
  title =        {Cubic convolution interpolation for digital image processing
},
  journal =      {IEEE Transactions on Acoustics, Speech, and Signal Processing},
  year =         1981,
  volume =       {ASSP-29},
  pages =        {1153-1160}
}

@Article{Hardie93,
  author = 	 {R[ussell] C[] Hardie and C[harles] G[] Boncelet},
  title = 	 {{LUM} filters: {A} class of {Rank-Order-Based} filters for smoothing and sharpening},
  journal = 	 {IEEE Transactions on Signal Processing},
  pages =        {1061-1076},
  volume =       41,
  year = 	 1993
}
