@String{SEG = {Soc. of Expl. Geophys.}}
@String{EAEG = {Eur. Assn. of Expl. Geophys.}}
@String{EAGE = {Eur. Assn. Geosci. Eng.}}
@String{SEP = {Stanford Expl. Proj.}}
@String{GP = {Geophysical Prospecting}}
@String{Geophysics = {Geophysics}}

This BIBTeX file relies on the "seg.bst" BIBTeX style file distributed as part
of SEGTeX.

@InProceedings{botelho1996,
  author =	 {M. Barsottelli Botelho and R. S. Almeida},
  title =	 {{3D} reverse time migration of ground-penetrating
                  radar data},
  meetingnr =	 58,
  meeting =	 "Meeting",
  pages =	 {Session:P116},
  year =	 1996,
  organization = EAGE
}

@Article{baysaleta1984,
  author =	 {E. Baysal and D. D. Kosloff and Sherwood, J. W. C.},
  title =	 {A two-way nonreflecting wave equation},
  journal =	 {Geophysics},
  year =	 {1984},
  volume =	 {49},
  pages =	 {132--141},
}

@Article{baysaletal1983,
  author =	 {E. Baysal and D. D. Kosloff and J.W.C. Sherwood},
  title =	 {Reverse time migration},
  journal =	 {Geophysics},
  year =	 {1983},
  volume =	 {48},
  pages =	 {1514--1524},
}

@InProceedings{bednaretal2003a,
  author =	 {J.B. Bednar and K. Yoon and C. Shin and L. Lines},
  year =	 2003,
  title =	 {One Way vs Two Way Wave Equation Imaging: Is
                  Two-Way Worth It?},
  meetingnr =	 {65},
  meeting =      {Meeting},
  organization =	 EAGE,
  pages =	 {Session:B11}
}

@InProceedings{bednaretal2003b,
  author =	 {J.B. Bednar and J. Stein and K. Yoon and C. Shin},
  year =	 2003,
  title =	 {An up and down talk in the two-way walk},
  meetingnr =	 {73},
  organization = SEG,
  pages =	 {877--880}
}

@InCollection{biondisep111a,
  author =	 {B. Biondi},
  year =	 {2002},
  title =	 {Prestack imaging of overturned and prismatic
                  reflections by reverse time migration},
  booktitle =	 {SEP Report 111},
  pages =	 {123--138},
  publisher =	 SEP
}

@InCollection{biondisep111b,
  author =	 {B. Biondi},
  year =	 {2002},
  title =	 {Reverse time migration in midpoint-offset
                  coordinates},
  booktitle =	 {SEP Report 111},
  pages =	 {149--156},
  publisher =	 SEP
}

@InProceedings{biondishan2002,
  author =	 {B. Biondi and G. Shan},
  year =	 {2002},
  title =	 {Prestack imaging of overturned reflections by
                  reverse time migration},
  meetingnr =	 {72},
  organization =	 SEG,
  pages =	 {1284--1287}
}

@InProceedings{bonomietal1998,
  author =	 {Bonomi, E. and Brieger, L. and Nardone, C. and
                  Pieroni, E.},
  year =	 {1998},
  title =	 {{3-D} spectral reverse time migration with
                  no-wraparound absorbing boundary conditions},
  meetingnr =	 {68},
 organization =	 SEG,
  pages =	 {1925--1928}
}

@InProceedings{bordingliner1994,
  author =	 {Bording, R.P. and Liner, C.L.},
  year =	 {1994},
  title =	 {Theory of 2.5-D reverse time migration},
  meetingnr =	 {64},
  organization =	 SEG,
  pages =	 {692--694}
}

@Book{bordinglines1997,
  author =	 {Bording, R.P. and Lines, L.R.},
  year =	 {1997},
  title =	 {Seismic modeling and imaging with the complete wave
                  equation},
  series =	 {Course Notes},
  number =	 {8},
  publisher =	 SEG
}

@Article{bothelhostoffa1988,
  author =	 {Botelho, M. A. B. and Stoffa, P. L.},
  year =	 {1988},
  title =	 "Velocity analysis using reverse-time migration",
  journal =	 "EOS",
  volume =	 "49",
  pages =	 "1326"
}

@InProceedings{botelhostoffa1991,
  author =	 "Botelho, M. A. B. and Stoffa, P. L.",
  year =	 "1991",
  title =	 "Finite-difference prestack reverse time migration
                  using {P-SV} wave equation",
  meetingnr =	 "61",
  organization =	 SEG,
  pages =	 "1009--1012"
}

@InProceedings{carrionetal1989,
  author =	 "Carrion, P. M. and Sacramento, S. d. S. and Pestana,
                  R. D. C.",
  year =	 "1989",
  title =	 "Estimation of wavelet and source radiation pattern
                  by reverse time extrapolation",
  meetingnr =	 "59",
  organization =	 SEG,
  pages =	 "530"
}

@InProceedings{changbalch1991,
  author =	 "Chang, H. and Balch, A. H.",
  year =	 "1991",
  title =	 "Seismic crosshole imaging of 2 and {3-D} physical
                  elastic models using prestack reverse time
                  migration",
  meetingnr =	 "61",
  organization =	 SEG,
  pages =	 "660--664"
}

@Article{changmechmechan1986,
  author =	 "Chang, W. F. and McMechan, G. A.",
  year =	 "1986",
  title =	 "Reverse-time migration of offset vertical seismic
                  profiling data using the excitation-time imaging
                  condition",
  journal =	 "Geophysics",
  volume =	 "51",
  pages =	 "67--84"
}

@InProceedings{changmechmechan1987a,
  author =	 "Chang, W. F. and McMechan, G. A.",
  year =	 "1987",
  title =	 "Elastic reverse-time migration",
  editor =	 "Scales, J. A.",
  booktitle =	 "Geophysical imaging symposium of Geophysical Society of Tulsa",
  organization =	 SEG,
  pages =	 "114--137"
}

@article{changandmchmechan1987b,
  author =	 "Chang, W. F. and McMechan, G. A.",
  year =	 "1987",
  title =	 "Elastic reverse-time migration",
  journal =	 "Geophysics",
  volume =	 "52",
  pages =	 "1365--1375"
}

@article{changandmcmechan1989a,
  author =	 "Chang, W. F. and McMechan, G. A.",
  year =	 "1989",
  title =	 "{3D} acoustic reverse-time migration",
  journal =	 GP,
  volume =	 "37",
  pages =	 "243--256",
}

@inproceedings{changandmcmechan1989b,
  author =	 "Chang, W. F. and McMechan, G. A.",
  year =	 "1989",
  title =	 "{3-D} acoustic prestack reverse-time migration",
  meetingnr =	 "59",
  pages =	 "513",
  organization =	 SEG
}

@article{changandmcmechan1990,
  author =	 "Chang, W. F. and McMechan, G. A.",
  year =	 "1990",
  title =	 "{3D} acoustic prestack reverse-time migration",
  journal =	 GP,
  volume =	 "38",
  pages =	 "737--756"
}

@article{changandmcmechan1994,
  author =	 "Chang, W. F. and McMechan, G. A.",
  year =	 "1994",
  title =	 "{3-D} elastic prestack, reverse-time depth migration",
  journal =	 "Geophysics",
  volume =	 "59",
  pages =	 "597-610"
}

@inproceedings{chenandmcmechan1989,
  author =	 "Chen, H. W. and McMechan, G. A.",
  year =	 "1989",
  title =	 "Implicit static corrections in prestack reverse-time
                  migration",
  meetingnr =	 "59",
  organization = SEG,
  pages =	 1269
}

@inproceedings{chenandmcmechan1991,
  author =	 "Chen, H. W. and McMechan, G. A.",
  year =	 "1991",
  title =	 "{3-D} pseudo-spectral prestack reverse-time migration
                  with application to reverse--{VSP} data",
  meetingnr =	 "61",
  organization =	 SEG,
  pages =	 "1305-1308"
}


@inproceedings{chen1987,
  author =	 "Chen, K. H.",
  year =	 "1987",
  title =	 "Reverse-time profile migration",
  meetingnr =	 "57",
  organization =	 SEG,
  pages =	 "Session:S15.6"
}

@inproceedings{chonetal2003,
  author =	 "Chon, Y. and Planchart, C. and Souza, J. and
                  Lafourchade, P.",
  year =	 "2003",
  title =	 "Offset {VSP} imaging with elastic reverse time
                  migration",
  meetingnr =	 "73",
  organization = SEG,
  pages =	 "1079--1082"
}

@incollection{cunhafilho1991,
  author =	 "Cunha-Filho, C.A.",
  year =	 "1991",
  title =	 "Angle-dependent reflectivity from elastic
                  reverse-time migration",
  booktitle =	 "SEP Report 72",
  pages =	 "111--122",
  publisher =	 SEP,
}

@incollection{cunhafilho1992,
  author =	 "Cunha-Filho, C.",
  year =	 "1992",
  title =	 "On the imaging condition for elastic reverse-time
                  migration",
  booktitle =	 "SEP Report 73",
  publisher =	 SEP,
  pages =	 "243-268"
}

@PhdThesis{cunha-filho92a,
  author =	 {Cunha-Filho, C.A.},
  title =	 {Elastic modeling and migration in Earth models},
  school =	 {Stanford University},
  year =	 1992,
  note =	 {Also SEP Report 74}
}

@inproceedings{defariaetal1986,
  author =	 "Defaria, E. L. and Stoffa, P. L. and Loewenthal, D.",
  year =	 1986,
  title =	 "Migration before stack using reverse time
                  propagation",
  meetingnr =	 56,
  organization = SEG,
  pages =	 "Session:POS2.2"
}

@inproceedings{dtomasi1997,
  author =	 "{de Tomasi}, V.",
  year =	 1997,
  title =	 "A fourth order time space finite difference operator
                  for {3D} acoustic modelling and reverse-time
                  migration",
  meetingnr =	 59,
  meeting =	 "Meeting",
  organization = EAGE,
  pages =	 "Session:E011"
}

@inproceedings{ellison88,
  author =	 "{Ellison III}, C. R. ",
  year =	 1988,
  title =	 "{2-D} high order finite-difference reverse time
                  migration",
  meetingnr =	 58,
  organization = SEG,
  pages =	 "Session:SP1.4."
}

@inproceedings{esmersoy86,
 author="Esmersoy, C.",
 year=1986, 
 title="Inversion by reverse-time extrapolation and a new imaging principle",
 meetingnr=56,
 organization=SEG,
 pages= "Session:S16.4."
}

@article{esmersoyandoristaglio88,
 author="Esmersoy, C. and Oristaglio, M.L.",
 year=1988, 
 title="Reverse-time wave-field extrapolation imaging and inversion",
 journal="Geophysics",
 volume=53,
 pages="920--931"
}

@incollection{etgen86a,
  author =	 "Etgen, J.",
  year =	 1986,
  title =	 "High-order finite-difference reverse time migration
                  with the 2-way non-reflecting wave equation",
  booktitle =	 "SEP Report 48",
  publisher =	 SEP,
  pages =	 "133--146"
}

@incollection{etgen86b,
  author =	 "Etgen, J.",
  year =	 1986,
  title =	 "Prestack reverse time migration of shot profiles",
  booktitle =	 "SEP Report 50",
  publisher =	 SEP,
  pages =	 "151-170"
}

@article{fisher92,
  author =	 "Fisher, E. and McMechan, G. A. and Annan, A. P. and
                  Cosway, S. W.",
  year =	 1992,
  title =	 "Examples of reverse-time migration of
                  single-channel, ground-penetrating radar profiles",
  journal =	 "Geophysics",
  volume =	 57,
  pages =	 "577--586"
}

@article{fricke88,
  author =	 "Fricke, J. R.",
  year =	 1988,
  title =	 "Tutorial on reverse-time migration in parallel",
  journal =	 "Geophysics",
  volume =	 53,
  pages =	 "1143--1150"
}

@article{gazdag86,
  author =	 "Gazdag, J. and Carrizo, E.",
  year =	 1986,
  title =	 "On reverse-time migration",
  journal =	 GP,
  volume =	 34,
  pages =	 "822-832"
}

@incollection{gray00,
  author =	 "Gray, S.H.",
  year =	 2000,
  title =	 "Speed and accuracy of seismic migration methods",
  booktitle =	 "Depth imaging of foothills seismic data",
  publisher =	 "Canadian Soc. Expl. Geoph",
  pages =	 "94--104"
}

@article{harris92,
  author =	 "Harris, C. E. and McMechan, G. A.",
  year =	 1992,
  title =	 "Using downward continuation to reduce memory
                  requirements in reverse-time migration (short note)",
  journal =	 "Geophysics",
  volume =	 57,
  pages =	 "848--853"
}

@inproceedings{hellman86,
  author =	 "Hellman, K. J. and Willis, M. E. and Young, T. K.",
  year =	 1986,
  title =	 "Evaluation of a reverse-time prestack migration
                  algorithm",
  meetingnr =	 56,
  organization = SEG,
  pages =	 "Session:S1.8"
}

@article{hildebrand87,
  author =	 "Hildebrand, S. T.",
  year =	 1987,
  title =	 "Reverse-time depth migration - Impedance imaging
                  condition",
  journal =	 "Geophysics",
  volume =	 52,
  pages =	 "1060--1064"
}

@inproceedings{hokstad96,
  author =	 "Hokstad, K. and Mittet, R. and Landro, M.",
  year =	 1996,
  title =	 "Elastic reverse time migration of marine walk-away
                  VSP data",
  meetingnr =	 58,
  meeting =	 "Meeting",
  pages =	 "E050",
  organization = EAGE
}

@article{hokstad98,
  author =	 "Hokstad, K. and Mittet, R. and Landro, M.",
  year =	 1998,
  title =	 "Elastic reverse time migration of marine walkaway
                  vertical seismic profiling data",
  journal =	 "Geophysics",
  volume =	 63,
  pages =	 "1685--1695"
}

@inproceedings{jaramillo93,
  author =	 "Jaramillo, H. H. and Balch, A. H. and Erdmir, C. and
                  Rousseau, J. P.",
  year =	 1993,
  title =	 "Multi mode reverse time {VSP} imaging over complex
                  structures at Yucca Mountain",
  meetingnr =	 63,
  organization = SEG,
  pages =	 "129--132"
}

@incollection{ji92,
  author =	 "Ji, J.",
  year =	 1992,
  title =	 "Reverse time migration as the conjugate of forward
                  modeling",
  booktitle =	 "SEP Report 75",
  pages =	 "125--132",
  publisher =	 SEP
}

@book{karrenbach91,
  author =	 "Karrenbach, M.",
  year =	 1991,
  title =	 "Prestack reverse-time migration in anisotropic
                  media: SEP Report 70",
  publisher =	 SEP
}

@inproceedings{kostecki99,
  author =	 "Kostecki, A. and Polchlopek, A.",
  year =	 1999,
  title =	 "Modelling and reverse-time migration in wavenumbers
                  Domain (kx,kz)",
  meetingnr =	 61,
  meeting =	 "Meeting",
  organization = EAGE,
  pages =	 "Session:P137"
}

@incollection{levin84a,
  author =	 "Levin, S. A.",
  year =	 1984,
  title =	 "Principle of reverse time migration",
  booktitle =	 "SEP Report 37",
  publisher =	 SEP,
  pages =	 "37--42"
}

@article{levin84b,
  author =	 "Levin, S. A.",
  year =	 1984,
  title =	 "Principle of reverse-time migration (short note)",
  journal =	 "Geophysics",
  volume =	 49,
  pages =	 "581--583"
}

@article{lines96,
  author =	 "Lines, L.R. and Wu, W. and Lu., H. and Burton,
                  A. and Zhu, J.",
  year =	 1996,
  title =	 "Migration from topography: Experience with an
                  {Alberta Foothills} data set",
  journal =	 "Can. J. Expl. Geophys.",
  volume =	 32,
  pages =	 "24--30"
}

@article{loewenthal83,
  author =	 "Loewenthal, D. and Mufti, I.R.",
  year =	 1983,
  title =	 "Reversed time migration in spatial frequency domain",
  journal =	 "Geophysics",
  volume =	 48,
  pages =	 "627--635"
}

@article{loewenthal87,
  author =	 "Loewenthal, D. and Stoffa, P.L. and Faria, E.L.",
  year =	 1987,
  title =	 "Suppressing the unwanted reflections of the full
                  wave equation",
  journal =	 "Geophysics",
  volume =	 52,
  pages =	 "1007--1012"
}

@inproceedings{loewenthal85,
  author =	 "Loewenthal, D. and Wang, C. J. and Johnson, O. G.",
  year =	 1985,
  title =	 "High order finite-difference modeling and reverse
                  time migration",
  meetingnr =	 55,
  organization = SEG,
  pages =	 "Session:S15.5"
}

@article{loewenthal91,
  author =	 "Loewenthal, D. and Wang, C. J. and Johnson,
                  O. G. and Juhlin, C.",
  year =	 1991,
  title =	 "High order finite difference modelling and reverse
                  time migration",
  journal =	 "Expl. Geophys.",
  volume =	 22,
  pages =	 "533--545"
}

@article{mcmechan83,
  author =	 "McMechan, G.A.",
  year =	 1983,
  title =	 "Migration by extrapolation of time-dependent
                  boundary values",
  journal =	 GP,
  volume =	 31,
  pages =	 "413-420"
}

@article{mcmechan90,
  author =	 "McMechan, G.A. and Chen, H.W.",
  year =	 1990,
  title =	 "Implicit static corrections in prestack migration of
                  common-source data",
  journal =	 Geophysics,
  volume =	 55,
  pages =	 "757--760"
}

@inproceedings{mittet02,
  author =	 "Mittet, R.",
  year =	 2002,
  title =	 "Multiple suppression by prestack reverse time
                  migration-- a nail in the coffin",
  meetingnr =	 64,
  organization = EAGE,
  meeting =	 "Meeting",
  pages =	 "P205"
}

@inproceedings{mulder03,
  author =	 "Mulder, W. and Plessix, R.",
  year =	 2003,
  title =	 "One-way and two-way wave-equation migration",
  meetingnr =	 73,
  organization = SEG,
  pages =	 "881--884"
}

@inproceedings{mufti94,
  author =	 "Mufti, I.R. and Pita, J.A. and Huntley, R.W.",
  year =	 1994,
  title =	 "Finite-difference depth migration of
                  exploration-scale {3-D} seismic data",
  meetingnr =	 64,
  organization = SEG
}

@article{mufti96,
  author =	 "Mufti, I.R. and Pita, J.A. and Huntley, R.W.",
  year =	 1996,
  title =	 "Finite-difference depth migration of
                  exploration-scale {3-D} seismic data",
  journal =	 Geophysics,
  volume =	 61,
  pages =	 "776--794"
}

@inproceedings{nihei00,
  author =	 "Nihei, K.and Nakagawa, S. and Myer, L.",
  year =	 2000,
  title =	 "{VSP} fracture imaging with elastic reverse-time
                  migration",
  meetingnr =	 70,
  orgainzation = SEG,
  pages =	 "1748--1751"
}


@incollection{palacharla95,
  author =	 "Palacharla, G.",
  year =	 1995,
  title =	 "Migration from a non-flat datum via reverse-time
                  extrapolation",
  booktitle =	 "SEP Report 84",
  publisher =	 SEP,
  pages =	 "39--52"
}

@article{rajaskaran95,
  author =	 "Rajaskaran, S. and McMechan, G.A.",
  year =	 1995,
  title =	 "Prestack processing of land data with complex
                  topography",
  journal =	 Geophysics,
  volume =	 60,
  pages =	 "1875-1886"
}

@inproceedings{schuster02,
  author =	 "Schuster, G.",
  year =	 2002,
  title =	 "Reverse-time migration = generalized diffraction
                  stack migration",
  meetingnr =	 72,
  organization = SEG,
  pages =	 "1280-1283"
}

@inproceedings{selvi92,
  author =	 "Selvi, O.",
  year =	 1992,
  title =	 "Reverse-time migration by using a nonreflecting
                  elastic wave equation and the eikonal equation for
                  the imaging condition",
  meetingnr =	 54,
  meeting =	 "Meeting",
  organization = EAGE,
  pages =	 "534-535"
}

@inproceedings{shen00,
  author =	 "Shen, Y. and Valasek, P. and Kelly, K. and Whitmore,
                  N. Jr. and Wyatt, K.",
  year =	 2000,
  title =	 "{3-D} prestack reverse-time depth migration applied
                  to vertical cable data",
  meetingnr =	 70,
  organization = SEG,
  pages =	 "762--765"
}

@inproceedings{shih88,
  author =	 "Shih, R. C. and Levander, A. R.",
  year =	 1988,
  title =	 "Multigrid reverse-time migration",
  meetingnr =	 58,
  organization = SEG,
  pages =	 "Session:S12.8"
}

@article{shih94,
  author =	 "Shih, R. C. and Levander, A. R.",
  year =	 1994,
  title =	 "Layer-stripping reverse-time migration",
  journal =	 GP,
  volume =	 42,
  pages =	 "211--227"
}

@article{sun88,
  author =	 "Sun, R. and McMechan, G. A.",
  year =	 1988,
  title =	 "Nonlinear reverse-time inversion of elastic offset
                  vertical seismic profile data",
  journal =	 Geophysics,
  volume =	 53,
  pages =	 "1295--1302"
}

@inproceedings{sun88b,
  author =	 "Sun, R. and McMechan, G. A.",
  year =	 1988,
  title =	 "Nonlinear reverse-time inversion of elastic offset
                  {VSP} data",
  meetingnr =	 58,
  organization = SEG,
  pages =	 "Session:S6.2"
}

@inproceedings{sun99,
  author =	 "Sun, R.",
  year =	 1999,
  title =	 "Scalar reverse-time depth migration of prestack
                  elastic data",
  meetingnr =	 69,
  organization = SEG,
  pages =	 "1457--1460"
}

@article{sun01,
  author =	 "Sun, R. and McMechan, G. A.",
  year =	 2001,
  title =	 "Scalar reverse-time depth migration of prestack
                  elastic seismic data",
  journal =	 Geophysics,
  volume =	 66,
  pages =	 "1519--1527"
}

@inproceedings{teng86,
  author =	 "Teng, Y. C. and Dai, T. F. and Kuo, J. T.",
  year =	 1986,
  title =	 "Finite-element reverse-time migration for elastic
                  waves",
  meetingnr =	 56,
  pages =	 "Session:S16.5"
}

@article{teng89,
  author =	 "Teng, Y. C. and Dai, T. F.",
  year =	 1989,
  title =	 "Finite-element prestack reverse-time migration for
                  elastic waves (short note)",
  journal =	 Geophysics,
  volume =	 54,
  pages =	 "1204--1208"
}

@incollection{valencio02,
  author =	 "Valencio, A.A.",
  year =	 2002,
  title =	 "Damped imaging condition for reverse-time migration",
  booktitle =	 "SEP Report 112",
  pages =	 "117-122",
  publisher =	 SEP
}

@incollection{velencio02b,
  author =	 "Velencio, A.A. and Bioni, B",
  year =	 2002,
  title =	 "Deconvolution imaging condition for revers-time
                  migration",
  booktitle =	 "SEP Report 112",
  publisher =	 SEP,
  pages =	 "83--96"
}

@inproceedings{wang00,
  author =	 "Wang, Y.",
  year =	 2000,
  title =	 "Reverse-time migration by a variable time-step and
                  space-grid method",
  meetingnr =	 70,
  organization = SEG,
  pages =	 "798--801",
}

@inproceedings{watanabe02,
  author =	 "Watanabe, T. and Nakagawa, S. and Myer, L. and
                  Nihei, K.",
  year =	 2002,
  title =	 "Imaging of crosshole laboratory data using
                  visco-acoustic waveform inversion and reverse-time
                  imaging",
  meetingnr =	 72,
  organization = SEP,
  pages =	 "870--873"
}

@inproceedings{whitmore83,
  author =	 "Whitmore, N.D.",
  year =	 1983,
  title =	 "Iterative depth migration by backward time
                  propagation",
  meetingnr =	 53,
  organization = SEG,
  pages =	 "827--830"
}

@article{whitmore86,
  author =	 "Whitmore, N.D. and Lines, L.R.",
  year =	 1986,
  title =	 "Vertical seismic profiling depth migration of a salt
                  dome flank",
  journal =	 Geophysics,
  volume =	 51,
  pages =	 "1087--1109"
}

@inproceedings{wu95,
  author =	 "Wu, W.J. and Lines, L. R. and Lu, H.X.",
  year =	 1995,
  title =	 "Reverse-time migration with finite-difference
                  solutions of the acoustic wave equation",
  meetingnr =	 65,
  organization = SEG,
  pages =	 "1149--1152"
}

@article{wu96,
  author =	 "Wu, W.J. and Lines, L. R. and Lu, H.X.",
  year =	 1996,
  title =	 "Analysis of higher-order, finite-difference schemes
                  in {3-D} reverse-time migration",
  journal =	 Geophysics,
  volume =	 61,
  pages =	 "845--856"
}

@article{wu99,
  author =	 "Wu, W.J. and Lines. L. and Burton, A. and Lu,
                  H.X. and Zhu, J. and Jamison, W. and Bording, R.P.",
  year =	 1999,
  title =	 "Prestack depth migration of an {A}lberta {F}oothills
                  data set -- the {H}usky experience",
  journal =	 Geophysics,
  volume =	 63,
  pages =	 "392-398"
}

@article{wuandmchmechan98,
  author =	 "Wu, Y. and McMechan, G. A.",
  year =	 1998,
  title =	 "Wave extrapolation in the spatial wavelet domain
                  with application to poststack reverse-time
                  migration",
  journal =	 Geophysics,
  volume =	 63,
  pages =	 "589--600"
}

@inproceedings{yan99,
  author =	 "Yan, L. and Lines, L.R",
  year =	 1999,
  title =	 "An imaging comparison of three depth migration
                  algorithms on {A}lberta {F}oothills datasets",
  organization = "CSEG",
  meeting =	 "Ann. Mtg.",
  pages =	 "27--30",
  note =	 "reprinted in \it Depth imaging of {F}oothills
                  seismic data \rm"
}

@inproceedings{yoon02,
  author =	 "Yoon, K. and Shin, C. and Hon, S.",
  year =	 2002,
  title =	 "{3-D} reverse-time migration using acoustic wave
                  equation: an experience of {SEG/EAGE} salt data set",
  meetingnr =	 72,
  organization = SEG,
  pages =	 "1324-1327"
}

@article{yoon03,
  author =	 "Yoon, K. and Shin, C. and Suh, S. and Lines,
                  L. R. and Hong, S.",
  year =	 2003,
  title =	 "{3D} reverse-time migration using the acoustic wave
                  equation: An experience with the {SEG/EAGE} data
                  set",
  journal =	 "The Leading Edge",
  volume =	 22,
  number =	 1,
  pages =	 "38--41"
}

@article{youn01,
  author =	 "Youn, O.K. and Zhou, H.",
  year =	 2001,
  title =	 "Depth imaging with multiples",
  journal =	 Geophysics,
  volume =	 66,
  pages =	 "246--255"
}

@inproceedings{zhou93,
  author =	 "Zhou, C. and Qin, F.",
  year =	 1993,
  title =	 "Real data crosshole reverse time migration",
  meetingnr =	 63,
  organization = SEG,
  pages =	 "103--105"
}

@inproceedings{zhu95,
  author =	 "Zhu, J. and Lines, L.R.",
  year =	 1995,
  title =	 "Practical subsurface imaging by prestack depth
                  migration and velocity analysis",
  meeting =	 "Ann. Mtg.",
  organization = "Can. Soc. Expl. Geophys.",
  pages =	 "5--6"
}

@inproceedings{,
author="Zhu, J. and Lines, L. R.",
year=1996, 
title="Comparison of Kirchhoff and reverse-time migration methods with 
applications to prestack depth imaging of complex structures",
meetingnr=66,
organization=SEG,
pages= "539--542"
}

@article{zhu97,
  author =	 "Zhu, J. and Lines, L. R.",
  year =	 1997,
  title =	 "Implicit interpolation in reverse-time migration",
  journal =	 Geophysics,
  volume =	 62,
  pages =	 "906--917"
}

@article{zhu98,
  author =	 "Zhu, J. and Lines, L.",
  year =	 1998,
  title =	 "Comparison of Kirchhoff and reverse-time migration
                  methods with applications to prestack depth imaging
                  of complex structures",
  journal =	 Geophysics,
  volume =	 63,
  pages =	 "1166--1176"
}

Entry below looks like a dup:
Zhu, J., and Lines, L. R., 
1999, 
Comparison of Kirchhoff and reverse-time migration methods with 
applications to prestack depth imaging of complex structures: 
Depth imaging of foothills seismic data: Soc. of Expl. Geophys. 


