@Book{fgdp,
  author =	 {J[on] F[] Claerbout},
  title = 	 {Fundamentals of Geophysical Data Processing},
  publisher = 	 {Blackwell Scientific Publications},
  year = 	 1976
}

@Book{iei,
  author =	 {J[on] F[] Claerbout},
  title = 	 {Imaging the {Earth's} Interior},
  publisher = 	 {Blackwell Scientific Publications},
  year = 	 1985
}

@Book{berkhout,
  author =	 {A[] J[] Berkhout},
  title = 	 {Seismic Migration: {Imaging} of Acoustic Energy by Wave Field Extrapolation},
  publisher = 	 {Elsevier},
  year = 	 1985
}

@Book{scales,
  author =	 {J[ohn] A[] Scales},
  title = 	 {Theory of Seismic Imaging},
  publisher = 	 {Springer Verlag},
  year = 	 1995
}

@Book{stolt,
  author =	 {R[] H[] Stolt and A[] K[] Benson },
  title = 	 {Seismic Migration: {Theory} and Practice},
  publisher = 	 {Pergamon Press},
  year = 	 1986
}

