@Article{canny,
  author = 	 {J[] Canny},
  title = 	 {A Computational Approach To Edge Detection},
  journal = 	 {IEEE Trans. Pattern Analysis and Machine Intelligence},
  year = 	 1986,
  volume = 	 8,
  pages = 	 {679-714}
}

@Book{gee,
  author = 	 {J[on] Claerbout},
  title = 	 {Image estimation by example: {E}nvironmental soundings image enhancement},
  publisher = 	 {Stanford Exploration Project},
  year = 	 {2008},
  address = 	 {http://sepwww.stanford.edu/sep/prof/}
}

@Article{burg,
  author = 	 {S[] Fomel and P[] Sava and J[] Rickett and J[] F[] Claerbout},
  title = 	 {The {Wilson-Burg} method of spectral factorization with application to helical filtering},
  journal = 	 {Geophysical Prospecting},
  year = 	 2003,
  volume =	 51,
  pages =	 {409-420}
}

@Book{weickert,
  author =       {J[] Weickert},
  title =        {Anisotropic diffusion in image processing},
  publisher =    {B. G. Teubner Stuttgart},
  year =         1998
}

