@Book{Claerbout.fgdp,
  author =       {J[on] F[] Claerbout},
  title =        {Fundamentals of Geophysical Data Processing},
  publisher =    {Blackwell Scientific Publications},
  year =         1976
}

@Book{Claerbout.iei,
  author =       {J[on] F[] Claerbout},
  title =        {Imaging the {Earth's} Interior},
  publisher =    {Blackwell Scientific Publications},
  year =         1985
}

@Book{Berkhout.1982,
  author =       {A[] J[] Berkhout},
  title =        {Imaging of acoustic energy by wave field extrapolation},
  publisher =    {Elsevier},
  year =         1982
}

@Book{StoltBenson,
  author =       {R[] H[] Stolt and A[] K[] Benson},
  title =        {Seismic Migration: Theory and Practice},
  publisher =    {Pergamon Press},
  year =         1986
}

@Book{DobrinSavit,
  author =       {M[] Dobrin and C[] Savit},
  title =        {Introduction to {G}eophysical {P}rospecting, 4th edition},
  publisher =    {McGraw-Hill Book Company, N.Y.},
  year =         1988
}

@Book{IkelleAmundsen,
  author =       {L[] Ikelle and L[] Amundsen},
  title =        {{I}ntroduction to {P}etroleum {S}eismology},
  publisher =    {Society of Exploration Geophysicists},
  year =         2005
}

@Book{AkiRichards.2002,
  author =       {K[] Aki and P[] Richards},
  title =        {Quantitative Seismology (second edition)},
  publisher =    {University Science Books},
  year =         2002
}

@Book{Yilmaz,
  author =       {O[z] Yilmaz},
  title =        {{S}eismic {D}ata {A}nalysis (2nd edition)},
  publisher =    {Society of Exploration Geophysicists},
  year =         2001
}

@Book{Biondi,
  author =       {B[iondo] Biondi},
  title =        {{3-D} {S}eismic {I}maging},
  publisher =    {Society of Exploration Geophysicists},
  year =         2006
}

@Article{scaleswave,
  author =       {J[ohn] A[] Scales and R[oel] Snieder},
  title =        {What is a wave?},
  journal =      {Nature},
  year =         {1999},
  volume =       {401},
  pages =        {739-740}
}

@Book{tensor,
  author =       {J[ohn] L[] Synge and A[] Schild},
  title =        {Tensor Calculus},
  publisher =    {Dover},
  year =         {1978}
}

@Book{Cerveny,
  author =       {V[] {C}erven\'{y}},
  title =        {Seismic ray theory},
  publisher =    {Cambridge Univ. Press},
  year =         {2001}
}

@Book{Courant,
  author =      {R[ichard] Courant and D[avid] Hilbert},
  title =       {Methods of mathematical physics},
  publisher =   {John Wiley \& Sons},
  year =        {1989}
  }

@Book{Riemann,
  author={B[] Riemann},
  year={1953},
  publisher={Dover Publications Inc, New York},
  title={Grundlagen f$\"{u}$r eine allgemeine {T}heorie der {F}unktionen einer ver$\"{a}$nderlichen komplexen Gr$\"{o}$sse (1851), in Collected Works}
}

@Book{tarantola.elsevier,
  author={A[] Tarantola},
  year={1987},
  publisher={Elsevier},
  title={Inverse {P}roblem {T}heory: methods for data fitting and model parameter estimation}
}

@Book{tarantola.siam,
  author={A[] Tarantola},
  year={2005},
  publisher={SIAM},
  title={Inverse {P}roblem {T}heory and methods for model parameter estimation}
}

@Book{MorseFeshbach,
  author =       {P[hillip] Morse and H[] Feshbach},
  title =        {{M}ethods of {T}heoretical {P}hysics},
  publisher =    {{F}eshback {P}ublishing {LLC}},
  year =         {1981}
}

@Book{Cohen.timefrequencyanalysis,
  author =       {L[eon] Cohen},
  title =        {{T}ime {F}requency {A}nalysis},
  publisher =    {{P}rentice {H}all {S}ignal {P}rocessing {S}eries},
  year =         {1995}
}

@Book{safod,
  author= { {E}arthscope},
  year={2005},
  title = { \texttt{http://www.earthscope.org/safod}}
}

% ------------------------------------------------------------
% articles and abstracts
% ------------------------------------------------------------

@Article{Shragge.geo.nonlinear,
   author = {J[effrey] Shragge},
   title = {Non-linear {R}iemannian Wavefield Extrapolation},
   journal = {Geophysics},
   year = {2007},
   volume = {},
   number = {},
   pages = {submitted for publication}
}

@inproceedings{Zhang.eageab.2006,
   author    = {Y[] Zhang and S[] Xu and G[] Zhang},
   year      = {2006},
   title     = {Imaging Complex Salt Bodies with Turning-Wave One-Way Wave Equation Migration},
   booktitle = {Abstracts},
   publisher = {Eur. Assoc. Expl. Geophys.},
   meeting   = {68th Mtg.},
   pages     = {}
}

@incollection{Fomel.seg.3dadcig,
author = {S[ergey] Fomel},
year={2004},
title={Theory of {3-D} angle gathers in wave-equation imaging},
booktitle = {Expanded Abstracts},
meeting = {74th Annual International Meeting, SEG},
pages={}
}

@incollection{XieWu.adcig,
author = {X[] Xie and R[] Wu},
year={2002},
title={Extracting angle domain information from migrated wavefield},
booktitle = {Expanded Abstracts},
meeting = {72nd Annual International Meeting, SEG},
pages={1360--1363}
}

@incollection{Fomel.segabs.seislet,
   author = { S[ergey] Fomel},
   year = {2006},
title={Towards the seislet transform},
booktitle = {Expanded Abstracts},
meeting = {76th Annual International Meeting, SEG},
pages={}
}

@incollection{Candes.report.curvelet,
   author = { E[] Candes and L[] Demanet},
   year = {2004},
title={The curvelet representation of wave propagators is optimally sparse},
publisher=	{California Institute of Technology},
booktitle= {Technical Report},
pages={}
}

% ------------------------------------------------------------

% ------------------------------------------------------------

@article{Fink:1999,
   author = {M[athias] Fink},
   title = {Time-Reversed Acoustics},
   journal = {Scientific American},
   volume = {281},
   year = {1999},
   pages = {91--97}
}

@ARTICLE{Borcea.IP.2006,
   author = {L[iliana] Borcea and G[eorge] Papanicolaou and C[hrysoula] Tsogka},
   title = {Adaptive interferometric imaging in clutter and optimal illumination},
   journal = {Inverse Problems},
   volume = {22},
   number = {},
   year = {2006},
   pages= {1405--1436}
}
  
@ARTICLE{Borcea.Multiscale.2006,
   author = {L[iliana] Borcea and G[eorge] Papanicolaou and C[hrysoula] Tsogka},
   title = {Coherent interferometry in finely layered random media},
   journal = {SIAM Journal on Multiscale Modeling and Simulation},
   volume = {5},
   number = {1},
   year = {2006},
   pages = {62--83}
}

@ARTICLE{Borcea.IP.2005,
   author = {L[iliana] Borcea and G[eorge] Papanicolaou and C[hrysoula] Tsogka},
   title = {Interferometric array imaging in clutter},
   journal = {Inverse Problems},
   volume = {21},
   number = {},
   year = {2005},
   pages= {1419--1460}
}

@ARTICLE{Borcea.GEO.2006,
   author = {L[iliana] Borcea and G[eorge] Papanicolaou and C[hrysoula] Tsogka},
   title = {Coherent interferometric imaging in clutter},
   journal = {Geopysics},
   volume = {71},
   number = {4},
   year = {2006},
   pages= {SI165--SI175}
}

@ARTICLE{Asch:1991,
  title = {Frequency content of randomly scattered signals},
  author = {M[] Asch and W[] Kohler and G[] Papanicolaou and M[] Postel and B[] White},
  journal = {SIAM Rev.},
  volume = {33},
  year = {1991},
  pages = {519--625}
}

@Book{Dussaud.2005,
  author={E[] Dussaud},
  year={2005},
  publisher={Ph.D. Thesis, Rice University},
  title={Velocity analysis in the presence of uncertainty}
}

@ARTICLE{Snieder.coda.2006,
  title = {The theory of Coda wave interferometry},
  author = {R[] Snieder},
  journal = {Pure and Applied Geophysics},
  volume = {163},
  year = {2006},
  pages = {455--473}
}

@ARTICLE{Papanicolaou:2004,
  title = {Statistical stability in time reversal},
  author = {G[] Papanicolaou and L[] Ryzhik and K[] Solna},
  journal = {SIAM J. Appl. Math.},
  volume = {64},
  year = {2004},
  pages = {1133--1155}
}

@ARTICLE{Fouque:2005,
  title = {Time reversal refocusing for point source in randomly layered media},
  author = {J[] Fouque and J[] Garnier and A[] Nachbin and K[] Solna},
  journal = {Wave Motion},
  volume = {42},
  year = {2005},
  pages = {191--288}
}

@article{JPFOVP2006,
  author = {J[] Fouque and O[] Poliannikov},
  title = {Time Reversal Detection in One-Dimensional Media},
  journal ={Inverse Problems},
  volume = {22},
  year = {2006},
  pages = {903--922}}

@inproceedings{Shen:2005,
  author = {P[eng] Shen and W[illiam] Symes and S[cott] Morton and H[enri] Calandra},
  title = {Differential semblance velocity analysis via shot profile migration},
  year = {2005},
  booktitle = {Expanded Abstracts},
  meeting = {74th Annual International Meeting, SEG},
  pages = {2249--2253}
}

@Article{BiondiSymes.adcig,
   author = { B[iondo] Biondi and W[illiam] Symes},
   title = {Angle-domain common-image gathers for migration velocity analysis by wavefield-continuation imaging},
   journal = {Geophysics},
   year = {2004},
   volume = {69},
   number = {},
   pages = {1283--1298}
}

@Article{Artman.multiples,
   author = { B[rad] Artman and G[abriel] Alvarez and K[en] Matson},
   title = {Image-space surface-related multiple prediction},
   journal = {Geophysics},
   year = {2007},
   volume = {72},
   pages = {S113--S122}
}

@Article{Artman.passive,
   author = { B[rad] Artman},
   title = {Imaging passive seismic data},
   journal = {Geophysics},
   year = {2006},
   volume = {71},
   pages = {SI117--SI187}
}

@Article{Wigner.wdf,
   author = {E[] Wigner},
   title = {On the quantum correction for thermodynamic equilibrium},
   journal = {Physical Review},
   year = {1932},
   volume = {40},
   number = {},
   pages = {749--759}
}

@Article{Ville.wdf,
   author = {J[] Ville},
   title = {Theorie et applications de la notion de signal analytique},
   journal = {Cables et {T}ransmissions},
   year = {1948},
   volume = {2A},
   number = {},
   pages = {61--74}
}

@Book{Etgen.thesis,
  author =       {J[ohn] Etgen},
  title =        {Residual Prestack Migration and Interval-Velocity Estimation},  publisher =    {{PhD} thesis, {S}tanford {U}niversity},
  year =         1990
}

@Book{Fowler.thesis,
  author =       {P[aul] Fowler},
  title =        {Seismic Velocity Estimation Using Prestack Time Migration},
  publisher =    {{PhD} thesis, {S}tanford {U}niversity},
  year =         1988
}

@Book{AlYahya.thesis,
  author =       {K[amal] Al-Yahya},
  title =        {Velocity Analysis by Iterative Profile Migration},
  publisher =    {{PhD} thesis, {S}tanford {U}niversity},
  year =         1987
}

@Book{Cunha.thesis,
  author =       {C[arlos] {C}unha-{F}ilho},
  title =        {Elastic Modeling and Migration in Earth Models},
  publisher =    {{PhD} thesis, {S}tanford {U}niversity},
  year =         1992
}

@inproceedings{Gajewski:2007,
  author = {D[] Gajewski and D[] Anikiev and B[] Kashtan and E[] Tessmer and C[] Vanelle},
  title = {Localization of seismic events by diffraction stacking},
  year = {2007},
  booktitle = {Expanded Abstracts},
  meeting = {76th Annual International Meeting, SEG},
  pages = {1287--1291}
}

@Article{Gajewski:2005,
   author = {D[] Gajewski and E[] Tessmer},
   title = {Reverse modelling for seismic event characterization},
   journal = {Geophysical Journal International},
   year = {2005},
   volume = {163},
   number = {},
   pages = {276--284}
}

@Article{WaldhauserEllsworth:2000,
   author = {F[] Waldhauser and W[] Ellsworth},
   title = {A double-difference earthquake location algorithm: {M}ethod and application to the northern {H}ayward fault},
   journal = {Bulletin of the Seismological Society of America},
   year = {2000},
   volume = {90},
   number = {},
   pages = {1353--1368}
}

@Article{Chavaria:2003,
   author = {J[] Chavarria and P[] Malin and E[] Shalev and R[] Catchings},
   title = {A look inside the {S}an {A}ndreas {F}ault at {P}arkfield through {V}ertical {S}eismic {P}rofiling},
   journal = {Science},
   year = {2003},
   volume = {302},
   number = {},
   pages = {1746--1748}
}
