@Article{Cerjan_1985_NBC,
  Title                    = {A nonreflecting boundary condition for discrete acoustic and elastic wave equations},
  Author                   = {C. Cerjan and D. Kosloff and R. Kosloff and M. Reshef},
  Journal                  = {Geophysics},
  Year                     = {1985},
  Number                   = {4},
  Pages                    = {2117--2131},
  Volume                   = {50}
}
