@incollection{sep,
title={Empowering {SEP's} documents},
author={S[ergey] Fomel and  M[atthias] Schwab and  J[oel] Schroeder},
pages={339--361},
type={SEP-Report},
publisher={Stanford Exploration Project},
year={1997},
journal={SEP-Report},
booktitle={SEP-94},
web={http://sepwww.stanford.edu/public/docs/sep94/matt3/paper_html/index.html,http://sepwww.stanford.edu/public/docs/sep94/matt3.ps.gz,http://sepwww.stanford.edu/public/docs/sep94/matt3.tar.gz},
keywords={noise(221), amplitudes(88), graphics(68) }}

@book{latex,
  title={{\LaTeX}: {A} document preparation system: {User's} guide and reference manual},
  author={Lamport, Leslie},
  year={1994},
  publisher={Addison-Wesley}
}

@book{tex,
  title={The {\TeX}book},
  author={Knuth, Donald Ervin},
  year={1984},
  publisher={Addison-Wesley}
}