@Book{cerveny,
  author =	 {\v{C}erven\'{y}, V.},
  title = 	 {Seismic Ray Theory},
  publisher = 	 {Cambridge University Press},
  year = 	 2001
  }

@Book{watson,
  author = 	 {G[] N[] Watson},
  title = 	 {A treatise on the theory of {Bessel} functions},
  publisher = 	 {Cambridge University Press},
  year = 	 {1952},
  edition = 	 {2nd}
}

@Book{stolt,
  author =	 {R[] H[] Stolt and A[] K[] Benson},
  title = 	 {Seismic Migration: {Theory} and practice},
  publisher = 	 {Pergamon Press},
  year = 	 1986
}

@Article{veritas,
  author = 	 {Y[] Zhang and C[] Q[] Zhang and N[] Bleisten},
  title = 	 {True Amplitude Wave Equation Migration Arising from True Amplitude One-way Wave Equations},
  journal = 	 {Inverse Problems},
  year = 	 2003,
  volume =	 19,
  number =	 5,
  pages =	 {1113-1138}
}
