@Book{bei,
  author =       {J[on] F[] Claerbout},
  title =        {Basic {Earth} Imaging},
  publisher =    {Stanford Exploration Project,
\texttt{http://sepwww.stanford.edu/sep/prof/}},
  year =         2006
}
