@Article{dubois,
  author = 	 {G[] Dubois},
  title = 	 {Spatial interpolation comparison 97: {Foreword} and introduction},
  journal = 	 {Journal of Geographic Information and Decision Analysis},
  year = 	 1999,
  volume =	 2,
  pages =	 {1-10}
}

@inproceedings{textures,
   author = {J[] Claerbout and M[] Brown},
   booktitle = {61st Mtg.},
   pages = {Session:1009},
   publisher = {Eur. Assn. Geosci. Eng.},
   title = {Two-dimensional textures and prediction-error filters},
   year = {1999}
}

@Book{rain,
  editor =	 {G[] Dubois and J[] Malczewski and M[] De~Cort},
  title = 	 {Mapping radioactivity in the environment. {Spatial} {Interpolation} {Comparison} 1997.},
  publisher = 	 {Office for Official Publications of the European Communities},
  year = 	 2003,
  address =	 {Luxembourg},
  month =	 {May}
}

