@Book{Claerbout.fgdp,
  author =       {J. F Claerbout},
  title =        {Fundamentals of Geophysical Data Processing},
  publisher =    {Blackwell Scientific Publications},
  year =         1976
}

@Book{Claerbout.iei,
  author =       {J. F Claerbout},
  title =        {Imaging the {Earth's} Interior},
  publisher =    {Blackwell Scientific Publications},
  year =         1985
}

@Book{dobrinsavit,
  author =       {M Dobrin and C Savit},
  title =        {Introduction to {G}eophysical {P}rospecting, 4th edition},
  publisher =    {McGraw-Hill Book Company, N.Y.},
  year =         1988
}

@Book{ikelleamundsen,
  author =       {L Ikelle and L Amundsen},
  title =        {{I}ntroduction to {P}etroleum {S}eismology},
  publisher =    {Society of Exploration Geophysicists},
  year =         2005
}

@Book{akirichards.2002,
  author =       {K. Aki and P. Richards},
  title =        {Quantitative Seismology (second edition)},
  publisher =    {University Science Books},
  year =         2002
}

@Book{yilmaz,
  author =       {Oz Yilmaz},
  title =        {{S}eismic {D}ata {A}nalysis},
  publisher =    {Society of Exploration Geophysicists, 2nd edition},
  year =         2001
}

@Book{biondi,
  author =       {Biondo Biondi},
  title =        {{3-D} {S}eismic {I}maging},
  publisher =    {Society of Exploration Geophysicists},
  year =         2006
}

@Article{scaleswave,
  author =       {John A. Scales and Roel Snieder},
  title =        {What is a wave?},
  journal =      {Nature},
  year =         {1999},
  volume =       {401},
  pages PC=        {739-740}
}

@Book{tensor,
  author =       {John L. Synge and A. Schild},
  title =        {Tensor Calculus},
  publisher =    {Dover},
  year =         {1978}
}

@Book{cerveny,
  author =       {V. {C}erven\'{y}},
  title =        {Seismic ray theory},
  publisher =    {Cambridge Univ. Press},
  year =         {2001}
}

@Book{courant,
  author =      {Richard Courant and David Hilbert},
  title =       {Methods of mathematical physics},
  publisher =   {John Wiley \& Sons},
  year =        {1989}
  }

@Book{riemann,
  author={B. Riemann},
  year={1953},
  publisher={Dover Publications Inc, New York},
  title={Grundlagen f$\"{u}$r eine allgemeine {T}heorie der {F}unktionen einer ver$\"{a}$nderlichen komplexen Gr$\"{o}$sse (1851), in Collected Works}
}

@Book{tarantola.elsevier,
  author={A. Tarantola},
  year={1987},
  publisher={Elsevier},
  title={Inverse {P}roblem {T}heory: methods for data fitting and model parameter estimation}
}

@Book{tarantola.siam,
  author={A. Tarantola},
  year={2005},
  publisher={SIAM},
  title={Inverse {P}roblem {T}heory and methods for model parameter estimation}
}

% ------------------------------------------------------------
% articles and abstracts
% ------------------------------------------------------------

@Article{Shragge.geo.nonlinear,
   author = {Jeffrey Shragge},
   title = {Non-linear {R}iemannian Wavefield Extrapolation},
   journal = {Geophysics},
   year = {2007},
   volume = {},
   number = {},
   pages = {submitted for publication}
}

@inproceedings{Zhang.eageab.2006,
   author    = {Y. Zhang and S. Xu and G. Zhang},
   year      = {2006},
   title     = {Imaging Complex Salt Bodies with Turning-Wave One-Way Wave Equation Migration},
   booktitle = {Abstracts},
   publisher = {Eur. Assoc. Expl. Geophys.},
   meeting   = {68th Mtg.},
   pages     = {}
}

@incollection{Fomel.seg.3dadcig,
author = {Sergey Fomel},
year={2004},
title={Theory of {3-D} angle gathers in wave-equation imaging},
publisher=	{Soc. of Expl. Geophys.},
booktitle= {74th Ann. Internat. Mtg.},
pages={}
}

@incollection{XieWu.adcig,
author = {Xie, X. and Wu, R.},
year={2002},
title={Extracting angle domain information from migrated wavefield},
publisher=	{Soc. of Expl. Geophys.},
booktitle= {72nd Ann. Internat. Mtg.},
pages={1360--1363}
}

@incollection{Fomel.segabs.seislet,
   author = { Sergey Fomel},
   year = {2006},
title={Towards the seislet transform},
publisher=	{Soc. of Expl. Geophys.},
booktitle= {76th Ann. Internat. Mtg.},
pages={}
}

@incollection{Candes.report.curvelet,
   author = { E Candes and L Demanet},
   year = {2004},
title={The curvelet representation of wave propagators is optimally sparse},
publisher=	{California Institute of Technology},
booktitle= {Technical Report},
pages={}
}

@article{Sun.elastic.rtm,
author = {Robert Sun and George A. McMechan and Chen-Shao Lee and Jinder Chow and Chen-Hong Chen},
collaboration = {},
title = {Prestack scalar reverse-time depth migration of 3D elastic seismic data},
publisher = {SEG},
year = {2006},
journal = {Geophysics},
volume = {71},
number = {5},
pages = {S199-S207},
keywords = {seismic waves; seismology; geophysical signal processing; geophysical techniques},
url = {http://link.aip.org/link/?GPY/71/S199/1},
}

% ------------------------------------------------------------

% ------------------------------------------------------------

@article{Fink:1999,
   author = {Mathias Fink},
   title = {Time-Reversed Acoustics},
   journal = {Scientific American},
   volume = {281},
   year = {1999},
   pages = {91--97}
}

@ARTICLE{Borcea.IP.2006,
   author = {Liliana Borcea and George Papanicolaou and Chrysoula Tsogka},
   title = {Adaptive interferometric imaging in clutter and optimal illumination},
   journal = {Inverse Problems},
   volume = {22},
   number = {},
   year = {2006},
   pages= {1405--1436}
}
  
@ARTICLE{Borcea.Multiscale.2006,
   author = {Liliana Borcea and George Papanicolaou and Chrysoula Tsogka},
   title = {Coherent interferometry in finely layered random media},
   journal = {SIAM Journal on Multiscale Modeling and Simulation},
   volume = {5},
   number = {1},
   year = {2006},
   pages = {62--83}
}

@ARTICLE{Borcea.IP.2005,
   author = {Liliana Borcea and George Papanicolaou and Chrysoula Tsogka},
   title = {Interferometric array imaging in clutter},
   journal = {Inverse Problems},
   volume = {21},
   number = {},
   year = {2005},
   pages= {1419--1460}
}

@ARTICLE{Borcea.GEO.2006,
   author = {Liliana Borcea and George Papanicolaou and Chrysoula Tsogka},
   title = {Coherent interferometric imaging in clutter},
   journal = {Geopysics},
   volume = {71},
   number = {4},
   year = {2006},
   pages= {SI165--SI175}
}

@ARTICLE{Asch:1991,
  title = {Frequency content of randomly scattered signals},
  author = {M. Asch and W. Kohler and G. Papanicolaou and M. Postel and B. White},
  journal = {SIAM Rev.},
  volume = {33},
  year = {1991},
  pages = {519--625}
}

@Book{Dussaud.2005,
  author={Dussaud, E.A.},
  year={2005},
  publisher={Ph.D. Thesis, Rice University},
  title={Velocity analysis in the presence of uncertainty}
}

@ARTICLE{Snieder.coda.2006,
  title = {The theory of Coda wave interferometry},
  author = {R. Snieder},
  journal = {Pure and Applied Geophysics},
  volume = {163},
  year = {2006},
  pages = {455--473}
}

@ARTICLE{Papanicolaou:2004,
  title = {Statistical stability in time reversal},
  author = {G. Papanicolaou and L. Ryzhik and K. Solna},
  journal = {SIAM J. Appl. Math.},
  volume = {64},
  year = {2004},
  pages = {1133--1155}
}

@ARTICLE{Fouque:2005,
  title = {Time reversal refocusing for point source in randomly layered media},
  author = {J.P. Fouque and J. Garnier and A. Nachbin and K. Solna},
  journal = {Wave Motion},
  volume = {42},
  year = {2005},
  pages = {191--288}
}

@article{JPFOVP2006,
  author = {Jean-Pierre Fouque and Oleg V. Poliannikov},
  title = {Time Reversal Detection in One-Dimensional Media},
  journal ={Inverse Problems},
  volume = {22},
  year = {2006}
  pages = {903--922}}

@article{Shen:2005,
  author = {Peng Shen and William W. Symes and Scott Morton and Henri Calandra},
  title = {Differential semblance velocity analysis via shot profile migration},
  year = {2005},
  publisher=	{Soc. of Expl. Geophys.},
  booktitle= {74th Ann. Internat. Mtg.},
  pages = {2249--2253}
}

@Article{BiondiSymes.adcig,
   author = { Biondo Biondi and William W. Symes},
   title = {Angle-domain common-image gathers for migration velocity analysis by wavefield-continuation imaging},
   journal = {Geophysics},
   year = {2004},
   volume = {69},
   number = {},
   pages = {1283--1298}
}

@Article{Artman.multiples,
   author = { Brad Artman and Gabriel Alvarez, and Ken Matson},
   title = {Image-space surface-related multiple prediction},
   journal = {Geophysics},
   year = {2007},
   volume = {72},
   pages = {S113--S122}
}

@Article{Artman.passive,
   author = { Brad Artman},
   title = {Imaging passive seismic data},
   journal = {Geophysics},
   year = {2006},
   volume = {71},
   pages = {SI117--SI187}
}


@article{sun:S199,
author = {Robert Sun and George A. McMechan and Chen-Shao Lee and Jinder Chow and Chen-Hong Chen},
collaboration = {},
title = {Prestack scalar reverse-time depth migration of 3D elastic seismic data},
publisher = {SEG},
year = {2006},
journal = {Geophysics},
volume = {71},
number = {5},
pages = {S199-S207},
keywords = {seismic waves; seismology; geophysical signal processing; geophysical techniques},
url = {http://link.aip.org/link/?GPY/71/S199/1},
}

@Book{Etgen.thesis,
  author =       {John Etgen},
  title =        {Residual Prestack Migration and Interval-Velocity Estimation},  publisher =    {{PhD} thesis, {S}tanford {U}niversity},
  year =         1990
}

@Book{Fowler.thesis,
  author =       {Paul Fowler},
  title =        {Seismic Velocity Estimation Using Prestack Time Migration},
  publisher =    {{PhD} thesis, {S}tanford {U}niversity},
  year =         1988
}

@Book{AlYahya.thesis,
  author =       {Kamal Al-Yahya},
  title =        {Velocity Analysis by Iterative Profile Migration},
  publisher =    {{PhD} thesis, {S}tanford {U}niversity},
  year =         1987
}

@Book{Cunha.thesis,
  author =       {C {C}unha-{F}ilho},
  title =        {Elastic {M}odeling and {M}igration in {E}arth {M}odels},
  publisher =    {{PhD} thesis, {S}tanford {U}niversity},
  year =         1992
}