@article{fomel2008guest,
  title={Guest editors' introduction: Reproducible research},
  author={Fomel, Sergey and Claerbout, Jon F},
  journal={Computing in Science \& Engineering},
  volume={11},
  number={1},
  pages={5--7},
  year={2008},
  publisher={IEEE}
}

@incollection{buckheit1995wavelab,
  title={Wavelab and reproducible research},
  author={Buckheit, Jonathan B and Donoho, David L},
  booktitle={Wavelets and statistics},
  pages={55--81},
  year={1995},
  publisher={Springer}
}

@article{fomel2013madagascar,
  title={Madagascar: Open-source software project for multidimensional data analysis and reproducible computational experiments},
  author={Fomel, Sergey and Sava, Paul and Vlad, Ioan and Liu, Yang and Bashkardin, Vladimir},
  journal={Journal of Open Research Software},
  volume={1},
  number={1},
  year={2013},
  publisher={Ubiquity Press}
}