@Book{forel,
  author =	 {D[] Forel and T[] Benz and W[] D[] Pennington},
  title = 	 {Seismic Data Processing with Seismic Un*x},
  publisher = 	 {Society of Exploration Geophysicists},
  year = 	 2005
}

